
@ARTICLE{Crispin06, 
author={Crispin, L.}, 
journal={Software, IEEE}, 
title={Driving Software Quality: How Test-Driven Development Impacts Software Quality}, 
year={2006}, 
month={Nov}, 
volume={23}, 
number={6}, 
pages={70-71}, 
keywords={program testing;software quality;TDD techniques;software quality;test-driven design;test-driven development;Automatic testing;Companies;Computer bugs;Flowcharts;Performance evaluation;Production;Programming profession;Software quality;Software testing;Writing;Test-driven development;test-driven design;test-first development}, 
doi={10.1109/MS.2006.157}, 
ISSN={0740-7459}}

@article{Dogsa11,
year={2011},
issn={0963-9314},
journal={Software Quality Journal},
volume={19},
number={4},
doi={10.1007/s11219-011-9130-2},
title={The effectiveness of test-driven development: an industrial case study},
url={http://dx.doi.org/10.1007/s11219-011-9130-2},
publisher={Springer US},
keywords={Test-driven development; Testing and debugging; Testing strategies; Productivity; Maintainability; Software quality/SQA; Software engineering process},
author={Dogša, Tomaž and Batič, David},
pages={643-661},
}

@ARTICLE{Rafique13, 
author={Rafique, Y. and Misic, V.B.}, 
journal={Software Engineering, IEEE Transactions on}, 
title={The Effects of Test-Driven Development on External Quality and Productivity: A Meta-Analysis}, 
year={2013}, 
month={June}, 
volume={39}, 
number={6}, 
pages={835-856}, 
keywords={program testing;software development management;software quality;TDD;code productivity;code quality;quality improvement;subgroup analysis;systematic meta analysis;test driven development;Computational modeling;Process control;Productivity;Programming;Size measurement;Testing;Test-driven development;agile software development;code quality;meta-analysis;programmer productivity}, 
doi={10.1109/TSE.2012.28}, 
ISSN={0098-5589},}

@ARTICLE{Wilkerson12, 
author={Wilkerson, J.W. and Nunamaker, J.F., Jr. and Mercer, R.}, 
journal={Software Engineering, IEEE Transactions on}, 
title={Comparing the Defect Reduction Benefits of Code Inspection and Test-Driven Development}, 
year={2012}, 
month={May}, 
volume={38}, 
number={3}, 
pages={547-560}, 
keywords={program testing;system recovery;code inspection;defect reduction benefits;junior computer science students;programming assignment;quasi experiment;senior computer science students;software defect rates;software defect reduction;test driven development;Inspection;Java;Programming profession;Software;Testing;Writing;Agile programming;code inspections and walk throughs;empirical study.;reliability;test-driven development;testing strategies}, 
doi={10.1109/TSE.2011.46}, 
ISSN={0098-5589},}

@INPROCEEDINGS{Gupta07, 
author={Gupta, A. and Jalote, P.}, 
booktitle={Empirical Software Engineering and Measurement, 2007. ESEM 2007. First International Symposium on}, 
title={An Experimental Evaluation of the Effectiveness and Efficiency of the Test Driven Development}, 
year={2007}, 
month={Sept}, 
pages={285-294}, 
keywords={program testing;software engineering;development-styles;single-factor block design;test driven development;Automatic testing;Productivity;Programming;Software design;Software engineering;Software measurement;Software quality;Software testing;System testing;Writing;Software development styles;experimental analysis.;software;test-driven development;testing;unit testing}, 
doi={10.1109/ESEM.2007.41}, 
ISSN={1938-6451},}